@article{SUMO2012,
         author = {Daniel Krajzewicz and Jakob Erdmann and Michael Behrisch and Laura Bieker},
          title = {Recent Development and Applications of {SUMO - Simulation of Urban MObility}},
         volume = {5},
         number = {3\&4 },
          month = {December},
           year = {2012},
        journal = {International Journal On Advances in Systems and Measurements},
          pages = {128--138},
 }