% This file was created with JabRef 2.9.2.
% Encoding: Cp1252

@UNPUBLISHED{o,
  author = {Ettus Research Llc. [Online]:},
  url = {http://www.ettus.com/}
}

@ARTICLE{ahjw10,
  author = {Andrews, J. and Haenggi, M. and Jindal, N. and Weber, S.},
  title = {A Primer on Spatial Modeling and Analysis in Wireless Networks},
  journal = {IEEE Communications Magazine pp.},
  year = {2010},
  pages = {156-163},
  month = {November}
}

@BOOK{b05,
  title = {Antenna Theory: Analysis and Design},
  publisher = {Wiley},
  year = {2005},
  author = {Balanis, C. A.},
  address = {-Interscience},
  edition = {3rd}
}

@INPROCEEDINGS{bmm04,
  author = {G. Barriac and R. Mudumbai and U. Madhow},
  title = {Distributed beamforming for information transfer in sensor networks},
  booktitle = {04},
  year = {2004},
  editor = {Acm Proceedings},
  pages = {81-88},
  address = {IPSN},
  month = {April},
  publisher = {of the 3rd international symposium on Information processing in sensor
	networks}
}

@BOOK{br06,
  title = {Toward an Evolutionary Regime for Spectrum Governance: Licensing
	or Unrestricted entry?},
  publisher = {Brookings Institution Press},
  year = {2006},
  author = {Baumol, W. and Robyn, D.}
}

@BOOK{bc07,
  title = {Radio Propagation and Adaptive antennas for Wireless Communications
	Links: Terrestrial, Atmospheric, and Ionospheric},
  publisher = {Wiley},
  year = {2007},
  author = {Blaunstein, N. and ChristoDoulou, C.}
}

@BOOK{bwpk11,
  title = {Spectrally Agile Multicarrier Waveforms for Opportunistic Wireless
	Access},
  publisher = {IEEE Communications Magazine},
  year = {2011},
  author = {Hanna Bogucka and Alexander M. Wyglinski and Srikanth Pagadarai and
	Adrian Kliks}
}

@INPROCEEDINGS{cmb04,
  author = {D. Cabric and S. Mishra and R. Brodersen},
  title = {Implementation issues in spectrum sensing for cognitive radios},
  booktitle = {Proceedings of the Asilomar Conference on Signals},
  year = {2004},
  pages = {772-776},
  address = {vol. 1, Pacific Grove, California, USA},
  month = {November},
  publisher = {Systems and Computers}
}

@INPROCEEDINGS{ctb06,
  author = {D. Cabric and A. Tkachenko and R. Brodersen},
  title = {Spectrum sensing measurements of pilot, energy, and collaborative
	detection},
  booktitle = {Proceedings of the IEEE Military Communications Conference, , D.C.,
	USA},
  year = {2006},
  pages = {1-7},
  month = {October}
}

@BOOK{c09,
  title = {A Cooperative Spectrum Sensing Network with Signal Classification
	Capabilities},
  publisher = {Undergraduate Capstone Design Project Report},
  year = {2009},
  author = {Michael Calabro}
}

@INPROCEEDINGS{cz08,
  author = {Shing-Chow Chan and Shao-Hua Zhao},
  title = {Transmit/Receive beamformer design and resource allocation in multiuser
	MIMO-OFDM systems},
  booktitle = {Pacific Conference on Circuits and Systems, 2008},
  year = {2008},
  editor = {Ieee Asia},
  pages = {590-593},
  publisher = {APCCAS}
}

@ARTICLE{ca09,
  author = {Chandrasekhar, V. and Andrews, J.},
  title = {Uplink Capacity and Interference Avoidance for Two-Tier Femtocell
	Networks},
  journal = {IEEE Transactions in Wireless Communications},
  year = {2009}
}

@BOOK{cw09,
  title = {Efficient Spectrum Utilization via Cross-Layer Optimization in Distributed
	Cognitive Radio Networks},
  publisher = {Elsevier Computer Communications Journal - Special Issue on Cognitive
	Radio and Dynamic Spectrum Sharing Systems},
  year = {2009},
  author = {Si Chen and Alexander M. Wyglinski},
  volume = {32},
  address = {No. 18 pp.1931-1943}
}

@INPROCEEDINGS{cw08,
  author = {Si Chen and Alexander M. Wyglinski},
  title = {Distributed Optimization of Cognitive Radios Employed in Dynamic
	Spectrum Access Networks},
  booktitle = {Proceedings of the Fifth Annual IEEE Communications Society Conference
	on Sensor},
  year = {2008},
  address = {CA, USA},
  month = {June},
  publisher = {Mesh and Ad Hoc Communications and Networks - Workshop on Software
	Defined Radio (San Francisco}
}

@INPROCEEDINGS{crs07,
  author = {R. Chiang and G. Rowe and K. Sowerby},
  title = {A quantitative analysis of spectral occupancy measurements for cognitive
	radio},
  booktitle = {Proceedings of the IEEE 65th Vehicular Technology Conference - Spring},
  year = {2007},
  pages = {3016-3020},
  month = {April}
}

@BOOK{c94,
  title = {Utility and Production Functions},
  publisher = {Cambridge},
  year = {1994},
  author = {Chung, J.},
  address = {MA, Blackwell}
}

@INCOLLECTION{c03,
  author = {Federal Communications Commission},
  title = {Spectrum policy task force report},
  year = {2002},
  editor = {E. T. Docket No., 0},
  pages = {2-135}
}

@PHDTHESIS{d07,
  author = {Dinesh Datla},
  title = {Spectrum Surveying for Dynamic Spectrum Access Networks},
  school = {University of Kansas},
  year = {2007},
  unidentified = {MS}
}

@ARTICLE{drwm09,
  author = {Dinesh Datla and Rakesh Rajbanshi and Alexander M. Wyglinski and
	Gary J. Minden},
  title = {An Adaptive Spectrum Sensing Architecture for Dynamic Spectrum Access
	Networks},
  journal = {IEEE Transactions on Wireless Communications},
  year = {2009},
  volume = {8},
  pages = {4211-4219},
  number = {8},
  month = {August},
  unidentified = {Vol. , Pages}
}

@INPROCEEDINGS{fchsbbgdlam00,
  author = {T. Farnham and G. Clemo and R. Haines and E. Seidel and A. Benamar
	and S. Billington and N. Greco and N. Drew and T. Le and B. Arram
	and P. Mangold},
  title = {IST-TRUST: A perspective on the reconfiguration of future mobile
	terminals using software download},
  booktitle = {Proceedings of the IEEE International Symposium on Personal, Indoor
	and Mobile Radio Communications, , UK},
  year = {2000},
  pages = {1054-1059},
  month = {September}
}

@BOOK{f,
  title = {Microsoft. [Online]},
  author = {Microsoft Research White Space Finder},
  address = {Available},
  url = {http://whitespaces.msresearch.us/WSWebGUI/whitespaces.aspx}
}

@INPROCEEDINGS{ff93,
  author = {Fonseca, C. and Fleming, P.},
  title = {Genetic Algorithms for Multiobjective Optimization: Formulation Discussion,
	and Generalization},
  booktitle = {Proceedings of the International Conference on Genetic Algorithms},
  year = {1993},
  pages = {416-423}
}

@ARTICLE{fga08,
  author = {F. Foukalas and V. Gazis and N. Alonistioti},
  title = {Cross-layer design proposals for wireless mobile networks: a survey
	and taxonomy},
  journal = {Communications Surveys and Tutorials.},
  year = {2008},
  volume = {10},
  pages = {70-85},
  number = {1},
  unidentified = {vol}
}

@ARTICLE{f09,
  author = {Louis E. Frenzel},
  title = {Big Changes in the Frequency Spectrum Cultivate New Wireless Possibilities},
  journal = {Electronic Design, August},
  year = {2009},
  volume = {13},
  pages = {28-33},
  unidentified = {Pages}
}

@INPROCEEDINGS{Ganesan2005,
  author = {G. Ganesan and Y. L},
  title = {Cooperative spectrum sensing in cognitive radio networks},
  booktitle = {Proceedings of the IEEE International Symposium on New Frontiers
	in Dynamic Spectrum Access Networks},
  year = {2005},
  pages = {137-143},
  address = {Maryland, USA},
  month = {November},
  publisher = {Baltimore}
}

@INPROCEEDINGS{gl05,
  author = {G. Ganesan and Y. Li},
  title = {Agility improvement through cooperative diversity in cognitive radio},
  booktitle = {Proceedings of the IEEE Global Telecommunications Conference (Globecom)},
  year = {2005},
  pages = {2505-2509},
  address = {St. Louis, Missouri, USA},
  publisher = {vol. 5}
}

@ARTICLE{gh09,
  author = {Ganti, R. and Haenggi, M.},
  title = {Interference and Outage in Clustered Wireless Ad Hoc Networks},
  journal = {IEEE Transactions in Information Theory},
  year = {2009}
}

@INPROCEEDINGS{Ghasemi2005,
  author = {Ghasemi, A.; Sousa, E.},
  title = {Collaborative spectrum sensing for opportunistic access in fading
	environments},
  booktitle = {Proceedings of the IEEE International Symposium on New Frontiers
	in Dynamic Spectrum Access Networks DySPAN 2005},
  year = {2005},
  pages = {327- 337}
}

@ARTICLE{Ghosh2010,
  author = {C. Ghosh and S. Pagadarai and D. Agrawal and A. Wyglinski},
  title = {A framework for statistical wireless spectrum occupancy modeling},
  journal = {IEEE Trans. on Wireless Communications},
  year = {2010},
  volume = {9},
  pages = {38-44},
  number = {1},
  month = {January},
  unidentified = {vol}
}

@INPROCEEDINGS{gpaw09,
  author = {C. Ghosh and S. Pagadarai and D. Agrawal and A. Wyglinski},
  title = {Queueing theory representation and modeling of spectrum occupancy
	employing radio frequency measurements},
  booktitle = {Proceedings of the IEEE 70th Vehicular Technology Conference - Fall},
  year = {2009},
  pages = {1-5},
  month = {September}
}

@ARTICLE{gpaw10,
  author = {Chittabrata Ghosh and Srikanth Pagadarai and Dharma P. Agrawal and
	Alexander M. Wyglinski},
  title = {A Framework for Statistical Wireless Spectrum Occupancy},
  journal = {IEEE Transactions on Wireless Communications},
  year = {2010},
  volume = {9},
  pages = {1},
  unidentified = {Vol}
}

@ARTICLE{g,
  author = {Gross, F.},
  title = {''Smart Antennas for Wireless Communications'', McGraw Hill},
  volume = {2005}
}

@BOOK{g05,
  title = {Smart Antennas for Wireless Communications},
  publisher = {McGraw Hill},
  year = {2005},
  author = {Gross, F.}
}

@INPROCEEDINGS{ha09,
  author = {Z. Hongxia and F. Abed},
  title = {Integrated approach and GIS application for planning and management
	toward poverty alleviation: A case study on Iraq},
  booktitle = {Proceedings of the 2nd International Conference on Information And
	Computer Science},
  year = {2009},
  pages = {293-296},
  address = {May},
  publisher = {vol. 1}
}

@ARTICLE{h05,
  author = {Hughes, E.},
  title = {Evolutionary Many-Objective Optimisation: Many Once or One Many},
  journal = {IEEE Congress on Evolutionary Computation},
  year = {2005},
  pages = {222-227},
  month = {Sept},
  unidentified = {Vol}
}

@INPROCEEDINGS{hpklllkl06,
  author = {Y. Hur and J. Park and K. Kim and J. Lee and K. Lim and C. Lee and
	H. Kim and J. Laskar},
  title = {A cognitive radio (CR) testbed system employing a wideband multiresolution
	spectrum sensing (MRSS) technique},
  booktitle = {Proceedings of the IEEE Vehicular Technology Conference},
  year = {2006},
  editor = {Montreal, Quebec French and},
  pages = {1-5},
  month = {September},
  publisher = {Canada}
}

@INPROCEEDINGS{hpwllkl06,
  author = {Y. Hur and J. Park and W. Woo and K. Lim and C. Lee and H. Kim and
	J. Laskar},
  title = {A wideband analog multi-resolution spectrum sensing (MRSS) technique
	for cognitive radio (CR) systems},
  booktitle = {Proceedings of the IEEE International Symposium on Circuits and Systems},
  year = {2006},
  pages = {4090-4093},
  address = {Greece},
  month = {May},
  publisher = {Island of Kos}
}

@BOOK{hhjlmwzw10,
  title = {Interference Suppression by Practical Transmit Beamforming Methods
	in Closed Femtocells},
  publisher = {EURASIP Journal on Wireless Communications and Networking},
  year = {2010},
  author = {Mika Husso and Jyri H�m�l�inen and Riku Jantti and Juan Li
	and Edward Mutafungwa and Risto Wichman and Zhong Zheng and Alexander
	M. Wyglinski}
}

@INPROCEEDINGS{hjhw08,
  author = {Mika Husso and Riku Jantti and Jyri Hamalainen and Alexander M. Wyglinski},
  title = {Adaptive Antennas and Dynamic Spectrum Management for Femtocellular
	Networks},
  booktitle = {Proceedings of the IEEE Symposium on New Frontiers in Dynamic Spectrum
	Access Networks (Chicago},
  year = {2008},
  address = {USA},
  month = {October},
  publisher = {IL}
}

@BOOK{hs79,
  title = {Multiple Objective Decision Making- Methods and Applications},
  publisher = {Springer-Verlag},
  year = {1979},
  author = {Hwang, C. and Syeed, A.},
  address = {New York}
}

@ARTICLE{jkkr11,
  author = {R. J�ntti and J. Kerttula and K. Koufos and K. Ruttik},
  title = {'' Aggregate interference with FCC and ECC white space usage rules:
	case study in Finland},
  journal = {'' IEEE DySPAN},
  year = {2011},
  volume = {2011},
  month = {May},
  unidentified = {Aachen, Germany}
}

@INPROCEEDINGS{jjlmw07,
  author = {S. Jones and E. Jung and X. Liu and N. Merheb and I.-j. Wang},
  title = {Characterization of spectrum activities in the u.s. public safety
	band for opportunistic spectrum access},
  booktitle = {Proceedings of the IEEE International Symposium on New Frontiers
	in Dynamic Spectrum Access Networks DySPAN 2007},
  year = {2007},
  pages = {137-146},
  month = {April}
}

@BOOK{j10,
  title = {Artificial Intelligence: A Systems Approach},
  publisher = {Jones and Bartlett Learning},
  year = {2010},
  author = {Jones, T.}
}

@ARTICLE{kk05,
  author = {V. Kawadia and P. Kumar},
  title = {A cautionary perspective on crosslayer design},
  journal = {Wireless Communications},
  year = {2005},
  volume = {12},
  pages = {3-11},
  number = {1},
  month = {February},
  unidentified = {vol}
}

@PHDTHESIS{k11,
  author = {D. Kelly},
  title = {A Practical Distributed Spectrum Sensing System},
  school = {Worcester Polytechnic Institute, Worcester, MA, USA(undergoing release
	review)},
  year = {2011},
  unidentified = {MS}
}

@INPROCEEDINGS{kac01,
  author = {W. Khairy and M. Abdel-Dayem and T. Coleman},
  title = {Determining a better water management using a geographical technique-a
	case study in Egypt},
  booktitle = {Proceedings of the IEEE International Symposium on Geoscience and
	Remote Sensing},
  year = {2001}
}

@ARTICLE{krj11,
  author = {Koufos, K. and Ruttik, K. and Jantti, R.},
  title = {Distributed Sensing in Multiband Cognitive Network},
  journal = {IEEE Transactions on Wireless Communications},
  year = {2011},
  volume = {10},
  pages = {1667-1677},
  unidentified = {Volume: Issue: 5}
}

@ARTICLE{krj,
  author = {K. Koufos and K. Ruttik and R. J�ntti},
  title = {''Voice Service in Cognitive Networks over the TV Spectrum,'' to
	appear in IET Communications},
  volume = {2011}
}

@ARTICLE{k,
  author = {Kumar, S.},
  title = {Foundations of coverage for Wireless Sensor Newtorks PhD Thesis,
	Ohio State University},
  volume = {2006}
}

@ARTICLE{kr09,
  author = {Kurose, J. and Ross, K.},
  title = {Computer Networking: A Top-Down Approach},
  year = {2009},
  volume = {5},
  unidentified = {th Ed Addison-Wesley}
}

@INPROCEEDINGS{lkl11,
  author = {Sang Yun Lee and Mee Kyong Kwon and Seung Hun Lee},
  title = {Transmit power control scheme for TV white space wireless system},
  booktitle = {Proceedings of the 13th International Conference on Advanced Communication
	Technology (ICACT},
  year = {2011},
  pages = {1025-1029}
}

@INPROCEEDINGS{lzzy10,
  author = {Dejian Li and Weixia Zou and Zheng Zhou and Yabin Ye},
  title = {Sensor selection for collaborative spectrum sensing using SVD-QR},
  booktitle = {5th International ICST Conference on Communications and Networking
	in China (CHINACOM},
  year = {2010},
  pages = {1-5}
}

@ARTICLE{Li2008,
  author = {Hong Li},
  title = {Ma Junfei; Xu Fangmin, Li ShuRong, Zhou Zheng, ``Optimization of
	Collaborative Spectrum Sensing for Cognitive Radio'', IEEE International
	Conference on Networking, Sensing and Control},
  year = {2008},
  volume = {2008},
  pages = {1730-1733},
  unidentified = {ICNSC}
}

@INPROCEEDINGS{lnl11,
  author = {Lian, X. and Nikookar, H. and Ligthart, L. P.},
  title = {Green communications and positioning by integration of adaptive and
	distributed beam-forming technologies in cognitive radio systems},
  booktitle = {2nd International Conference on Wireless Communication},
  year = {2011},
  pages = {1-6},
  address = {Information Theory and Aerospace \& Electronic Systems Technology
	(Wireless VITAE},
  publisher = {Vehicular Technology}
}

@PHDTHESIS{l07,
  author = {Eric C. Like},
  title = {Non-Cooperative Modulation Recognition Via Exploitation of Cyclic
	Statistics},
  school = {Wright State University},
  year = {2007},
  unidentified = {MS}
}

@ARTICLE{l08,
  author = {J. Liu},
  title = {The study on spatial data of across-district emergency response information
	sharing system},
  journal = {International Seminar on Information Technology and Management Engineering
	pp.},
  year = {2008},
  pages = {547-550},
  month = {November}
}

@INPROCEEDINGS{lc11,
  author = {Lopez-Benitez, M. and Casadevall, F.},
  title = {Discrete-time spectrum occupancy model based on {M}arkov Chain and
	duty cycle models},
  booktitle = {Proceedings of the IEEE International Symposium on New Frontiers
	in Dynamic Spectrum Access Networks DySPAN},
  year = {2011},
  pages = {90-99}
}

@INPROCEEDINGS{mr07,
  author = {J. T. MacDonald and D. A. Roberson},
  title = {Spectrum occupancy estimation in wireless channels with asymmetric
	transmitter powers},
  booktitle = {Proceedings of the 2nd International Conference on Cognitive Radio
	Oriented Wireless Networks and Communications 2007},
  year = {2007},
  pages = {245-249},
  month = {August}
}

@BOOK{m,
  title = {Simulink - Simulation and Model Based Design},
  author = {The MathWorks},
  address = {[Online]},
  url = {http://www.mathworks.com/products/simulink/}
}

@INPROCEEDINGS{msl08,
  author = {M. McHenry and K. Steadman and M. Lofquist},
  title = {Determination of detection thresholds to allow safe operation of
	television band ''white space'' devices},
  booktitle = {Proceedings of the IEEE International Symposium on New Frontiers
	in Dynamic Spectrum Access Networks DySPAN 2008},
  year = {2008},
  pages = {1-12},
  month = {October}
}

@INPROCEEDINGS{mmbgl04,
  author = {R. McRoberts and P. Miles and R. Barbour and K. Gebert and G. Liknes},
  title = {Using forest inventory data and geographic information systems to
	support forest management decision-making},
  booktitle = {Proceedings of the 15th International Workshop on Database and Expert
	Systems Applications},
  year = {2004},
  pages = {576-580},
  month = {September},
  publisher = {Aug.-3}
}

@INPROCEEDINGS{mkps01,
  author = {S. Meguerdichian and F. Koushanfar and M. Potkonjak and M. Srivastava},
  title = {Coverage Problems in Wireless Ad-Hoc Sensor Network},
  booktitle = {Proceedings of the IEEE International Conference on Computer Communications},
  year = {2001},
  pages = {1380-1387}
}

@INPROCEEDINGS{mkqp01,
  author = {S. Meguerdichian and F. Koushanfar and G. Qu and M. Potkonjak},
  title = {Exposure in Wireless Ad-Hoc Sensor Network},
  booktitle = {Proceedings of the IEEE International Conference on Mobile Communications},
  year = {2001},
  pages = {139-150}
}

@ARTICLE{mdvgn,
  author = {M. Mehta and N. Drew and G. Vardoulias and N. Greco and C. Niedermeier},
  title = {Reconfigurable terminals: an overview of architectural solutions},
  journal = {IEEE Communications Magazine},
  volume = {39},
  pages = {82-89},
  number = {8},
  unidentified = {vol}
}

@ARTICLE{myhe,
  author = {Jia Meng and Wotao Yin and Husheng Li andHossain, E. and Zhu Han},
  title = {Collaborative Spectrum Sensing from Sparse Observations in Cognitive
	Radio Networks},
  journal = {IEEE Journal on Selected Areas in Communications},
  volume = {29},
  pages = {131-136},
  unidentified = {Volume: Issue: 2}
}

@INPROCEEDINGS{mmb07,
  author = {S. M. Mishra and R. Mahadevappa and R. W. Brodersen},
  title = {Cognitive technology for ultra-wideband/WiMax coexistence},
  booktitle = {Proceedings of the IEEE International Symposium on New Frontiers
	in Dynamic Spectrum Access Networks},
  year = {2007},
  editor = {Dublin, Ireland},
  pages = {179-186},
  month = {April}
}

@BOOK{mbmp09,
  title = {Distributed transmit beamforming: challenges and recent progress},
  publisher = {IEEE Communications Magazine},
  year = {2009},
  author = {R. Mudumbai and D. Brown and U. Madhow and H. Poor}
}

@ARTICLE{mrmm10,
  author = {Mueck, M. and Di Renzo, M. and Debbah, M. and Renk, T.},
  title = {Combination of centralized \& decentralized database and terminal-based
	spectrum sensing for secondary spectrum access},
  journal = {IEEE International Conference on Wireless Information Technology
	and Systems (ICWITS) pp.},
  year = {2010},
  pages = {1-4}
}

@BOOK{n,
  title = {WiFi Localization},
  author = {The Comprehensive Gnu Radio Archive Network},
  address = {[ONLINE]},
  url = {https://www.cgran.org/wiki/WifiLocalization}
}

@ARTICLE{njq10,
  author = {J. Nieminen and R. J�ntti and L. Qian},
  title = {'' Primary User Detection in Distributed Cognitive Radio Networks
	under Timing Inaccuracy,'' in Proc},
  journal = {IEEE DySPAN},
  year = {2010},
  volume = {2010},
  unidentified = {Singapore}
}

@ARTICLE{nqj,
  author = {J. Nieminen and L. Qian and R. J�ntti},
  title = {''Network-wide Time Synchronization in Multi-Channel Wireless Sensor
	Networks,'' to appear in Wireless Sensor Networks},
  volume = {2011}
}

@INPROCEEDINGS{oj04,
  author = {M. Oner and F. Jondral},
  title = {Cyclostationarity-based methods for the extraction of the channel
	allocation information in a spectrum pooling system},
  booktitle = {Proceedings of the IEEE Radio and Wireless Conference},
  year = {2004},
  pages = {279-282},
  address = {Georgia, USA},
  month = {September},
  publisher = {Atlanta}
}

@INPROCEEDINGS{Oner2004,
  author = {M. Oner and F. Jondral},
  title = {Cyclostationarity based air interface recognition for software radio
	systems},
  booktitle = {Proceedings of the IEEE Radio and Wireless Conference},
  year = {2004},
  pages = {263-266},
  address = {Georgia, USA},
  month = {September},
  publisher = {Atlanta}
}

@BOOK{pkbw11,
  title = {Non-contiguous Multicarrier Waveforms in Practical Opportunistic
	Wireless Systems},
  publisher = {IET Radar},
  year = {2011},
  author = {Srikanth Pagadarai and Adrian Kliks and Hanna Bogucka and Alexander
	M. Wyglinski},
  address = {Sonar, and Navigation Journal}
}

@INPROCEEDINGS{pkbw10,
  author = {Srikanth Pagadarai and Adrian Kliks and Hanna Bogucka and Alexander
	M. Wyglinski},
  title = {On Non-contiguous Multicarrier Waveforms for Spectrally Opportunistic
	Cognitive Radio Systems},
  booktitle = {Proceedings of the 5th International Waveform Diversity and Design
	Conference (Niagara Falls},
  year = {2010},
  address = {Canada},
  month = {August},
  publisher = {ON}
}

@INPROCEEDINGS{pw09,
  author = {S. Pagadarai and A. Wyglinski},
  title = {A quantitative assessment of wireless spectrum measurements for dynamic
	spectrum access},
  booktitle = {Proceedings of the 4th International Conference on Cognitive Radio
	Oriented Wireless Networks and Communications 2009},
  year = {2009},
  pages = {1-5},
  month = {June}
}

@BOOK{pw10,
  title = {A Linear Mixed Effects Model of Wireless Spectrum Occupancy},
  publisher = {EURASIP Journal on Wireless Communications and Networking},
  year = {2010},
  author = {Srikanth Pagadarai and Alexander M. Wyglinski}
}

@INPROCEEDINGS{psl07,
  author = {Park, K. and Shin, Y. and Lee, W.},
  title = {Goal-Pareto Based NSGA for Optimal Reconfiguration of Cognitive Radio
	Systems},
  booktitle = {Proceedings of the IEEE Cognitive Radio Oriented Wireless Networks
	and Communications},
  year = {2007},
  month = {August}
}

@ARTICLE{pna,
  author = {C. Perkins and Ad Hoc Networks and Addison-Wesley, Reading},
  title = {MA},
  volume = {2000}
}

@ARTICLE{p75,
  author = {Pickands, J. P. Iii.},
  title = {Statistical inference using extreme order statistics},
  journal = {The Annals of Statistics},
  year = {1975},
  volume = {3},
  pages = {119-131},
  number = {1}
}

@BOOK{p01,
  title = {Digital Communications},
  publisher = {McGraw-Hill},
  year = {2001},
  author = {J. G. Proakis},
  edition = {4th}
}

@ARTICLE{pf03,
  author = {Purshouse, R. and Fleming, P.},
  title = {Evolutionary Many-Objective Optimisation: An Exploratory Analysis},
  journal = {IEEE Congress on Evolutionary Computing},
  year = {2003},
  volume = {3},
  pages = {2066-2073},
  unidentified = {Vol}
}

@BOOK{r,
  title = {GNU Radio - The GNU Software Radio},
  author = {Gnu Radio},
  address = {[Online]},
  url = {http://gnuradio.org/trac}
}

@INPROCEEDINGS{rmr08,
  author = {T. Reddy and B. Manoj and R. Rao},
  title = {On the accuracy of sampling schemes for wireless network characterization},
  booktitle = {Proceedings of the IEEE Wireless Communications and Networking Conference},
  year = {2008},
  pages = {3314-3319},
  publisher = {2008. WCNC}
}

@INPROCEEDINGS{rw11,
  author = {Rocke, S. and Wyglinski, A.},
  title = {Geo-Statistical Analysis of Wireless Spectrum Occupancy using Extreme
	Value Theory},
  booktitle = {accepted in IEEE Pacific Rim Conference on Communications},
  year = {2011},
  address = {August},
  publisher = {Computers and Signal Processing}
}

@BOOK{Rondeau2009,
  title = {Artificial Intelligence in Wireless Communications},
  publisher = {Atrech House},
  year = {2009},
  author = {Rondeau, T. and Bostian, C.}
}

@ARTICLE{rlrb04,
  author = {Rondeau, T. and Le, B. and Reiser, C. and Bostian, C.},
  title = {Cognitive Radios with Genetic Algorithms: Intelligent Control of
	Software Defined Radios},
  journal = {Software Defined Radio Forum Technical Converence pp. C-},
  year = {2004},
  volume = {3},
  unidentified = {-C-8}
}

@BOOK{rb09,
  title = {Artificial Intelligence in Wireless Communications},
  publisher = {Artech House},
  year = {2009},
  author = {T. W. Rondeau and C. W. Bostian},
  address = {Norwood, MA}
}

@INPROCEEDINGS{rkj09,
  author = {K. Ruttik and K. Koufos and R. J�ntti},
  title = {Spectrum sensing with multiple antennas},
  booktitle = {(invited paper) in Proc. IEEE SMC 2009},
  year = {2009},
  editor = {San Antonio Tx and},
  publisher = {USA}
}

@BOOK{rkj11,
  title = {Computation of aggregate interference from multiple secondary transmitters},
  publisher = {to appear in IEEE Communications Letters},
  year = {2011},
  author = {K. Ruttik and K. Koufos and R. J�ntti}
}

@BOOK{rkj10,
  title = {Modeling of the secondary system's generated interference and studying
	of its impact on the secondary system design},
  publisher = {Radioengineering},
  year = {2010},
  author = {K. Ruttik and K. Koufos and R. J�ntti},
  address = {December}
}

@ARTICLE{Ruttik2009,
  author = {K. Ruttik and K. Koufos and R. J�ntti},
  title = {Spectrum reuse at the border of a primary user cell},
  journal = {IEEE Transactions on Communications},
  year = {2009},
  volume = {67},
  pages = {12},
  month = {December},
  unidentified = {Vol}
}

@ARTICLE{Ruttik2009a,
  author = {K. Ruttik and K. Koufos and R. J�ntti},
  title = {Detection of unknown signals in fading environment},
  journal = {IEEE Communications Letters},
  year = {2009},
  volume = {13},
  pages = {7},
  month = {July},
  unidentified = {Vol}
}

@ARTICLE{r09,
  author = {Peter Rysavy},
  title = {Spectrum Crisis?},
  journal = {Information Week, October},
  year = {2009},
  volume = {26},
  pages = {23-29},
  unidentified = {Pages}
}

@INPROCEEDINGS{stmh06,
  author = {A. Sahai and R. Tandra and S. M. Mishra and N. Hoven},
  title = {Fundamental design tradeoffs in cognitive radio systems},
  booktitle = {Proceedings of International Workshop on Technology and Policy for
	Accessing Spectrum},
  year = {2006},
  month = {August}
}

@BOOK{sz07,
  title = {Antennas and Propagation for Wireless Communication Systems},
  publisher = {Wiley},
  year = {2007},
  author = {Saunders, S. and Zavala, A.},
  edition = {2nd}
}

@ARTICLE{ss10,
  author = {Schiphorst, R. and Slump, C.},
  title = {A Monitoring Network for Spectrum Governance},
  journal = {Journal of RF Engineering and Telecommunications},
  year = {2010},
  volume = {64},
  pages = {236-239},
  unidentified = {Vol}
}

@INPROCEEDINGS{scc05,
  author = {S. Shankar and C. Cordeiro and K. Challapali},
  title = {Spectrum agile radios: utilization and sensing architectures},
  booktitle = {Proceedings of the IEEE International Symposium on New Frontiers
	in Dynamic Spectrum Access Networks DySPAN},
  year = {2005},
  pages = {160-169},
  month = {November}
}

@BOOK{sdg11,
  title = {Software Defined Radio Localization using 802.11-style Communications},
  year = {2011},
  author = {B. Shaw and R. Dobbins and S. Garcia},
  address = {Major Qualifying Project Report, Worcester Polytechnic Institute,
	Worcester, MA, USA [ONLINE]},
  url = {http://www.wpi.edu/Pubs/E-project/Available/E-project-042811-163711/unrestricted/NRL_MQP_Final_Report.pdf}
}

@BOOK{s03,
  title = {Radio Wave Propagation for Telecommunications Applications},
  publisher = {Springer-Verlag},
  year = {2003},
  author = {Sizun, H.}
}

@ARTICLE{sm05,
  author = {V. Srivastava and M. Motani},
  title = {Cross-layer design: a survey and the road ahead},
  journal = {IEEE Communications Magazine},
  year = {2005},
  volume = {43},
  pages = {112-119},
  number = {12},
  month = {December},
  unidentified = {vol}
}

@INPROCEEDINGS{s11,
  author = {Stirling, Andrew},
  title = {Exploiting hybrid models for spectrum access: Building on the capabilities
	of geolocation databases},
  booktitle = {Proceedings of the IEEE International Symposium on New Frontiers
	in Dynamic Spectrum Access Networks DySPAN},
  year = {2011},
  pages = {47-55}
}

@INPROCEEDINGS{ts05,
  author = {R. Tandra and A. Sahai},
  title = {Fundamental limits on detection in low SNR under noise uncertainty},
  booktitle = {Proceedings of the IEEE International Conference on Wireless Networks},
  year = {2005},
  pages = {464-469},
  address = {vol. 1, Maui, HI},
  month = {June},
  publisher = {Communications and Mobile Computing}
}

@INPROCEEDINGS{t05,
  author = {H. Tang},
  title = {Some physical layer issues of wide-band cognitive radio systems},
  booktitle = {Proceedings of the IEEE International Symposium on New Frontiers
	in Dynamic Spectrum Access Networks},
  year = {2005},
  pages = {151-159},
  address = {Maryland, USA},
  month = {November},
  publisher = {Baltimore}
}

@INPROCEEDINGS{tg07,
  author = {Z. Tian and G. Giannakis},
  title = {Compressed sensing for wideband cognitive radios},
  booktitle = {Proceedings of the IEEE International Conference on Acoustics},
  year = {2007},
  pages = {1357-1360},
  address = {and Signal Processing, vol. 4, Honolulu, Hawaii, USA},
  month = {April},
  publisher = {Speech}
}

@INPROCEEDINGS{tg06,
  author = {Z. Tian and G. B. Giannakis},
  title = {A wavelet approach to wideband spectrum sensing for cognitive radios},
  booktitle = {Proceedings of the IEEE International Conf on Cognitive Radio Oriented
	Wireless Networks and Communications},
  year = {2006},
  address = {Greece},
  month = {June},
  publisher = {Mykonos Island}
}

@ARTICLE{tbbbcccdeghhkllmmmmprrssssvwwz08,
  author = {Gregory D. Troxel and Eric Blossom and Steve Boswell and Micah Brodsky
	and Armando Caro and Isidro Castineyra and Alex Colvin and Tad Dreier
	and Joseph B. Evans and Nick Goffee and Karen Haigh and Talib Hussain
	and Vikas Kawadia and David Lapsley and Carl Livadas and Alberto
	Medina and Joanne Mikkelson and Gary J. Minden and Robert Morris
	and Craig Partridge and Vivek Raghunathan and Ram Ramanathan and
	Cesar Santivanez and Thomas Schmid and Dan Sumorok and Mani Srivastava
	and Bob Vincent and David Wiggin and Alexander M. Wyglinski and Sadaf
	Zahedi},
  title = {Enabling Open-source Cognitively-controlled Collaboration among Software-Defined
	Radio Nodes},
  journal = {Computer Networks},
  year = {2008},
  volume = {52},
  pages = {898-911},
  number = {4},
  month = {March},
  unidentified = {Vol. , Pgs., 14}
}

@INPROCEEDINGS{tbbbcccdeghhkllmmmmprrssssvwwz06,
  author = {Gregory D. Troxel and Eric Blossom and Steve Boswell and Micah Brodsky
	and Armando Caro and Isidro Castineyra and Alex Colvin and Tad Dreier
	and Joseph B. Evans and Nick Goffee and Karen Haigh and Talib Hussain
	and Vikas Kawadia and David Lapsley and Carl Livadas and Alberto
	Medina and Joanne Mikkelson and Gary J. Minden and Robert Morris
	and Craig Partridge and Vivek Raghunathan and Ram Ramanathan and
	Cesar Santivanez and Thomas Schmid and Dan Sumorok and Mani Srivastava
	and Bob Vincent and David Wiggin and Alexander M. Wyglinski and Sadaf
	Zahedi},
  title = {Adaptive Dynamic Radio Open-source Intelligent Team (ADROIT): Cognitively-controlled
	Collaboration among SDR Nodes},
  booktitle = {Proceedings of the IEEE Communications Society Conference on Sensors},
  year = {2006},
  address = {VA, USA)(INVITED},
  month = {August},
  publisher = {Mesh and Ad Hoc Communications and Networks (SECON) - Workshop on
	Networking Technologies for Software-Defined Radio Networks (Reston}
}

@INPROCEEDINGS{u04,
  author = {M. Uchida},
  title = {Traffic data analysis based on extreme value theory and its applications},
  booktitle = {on Global Telecommunications GLOBECOM'04},
  year = {2004},
  editor = {Ieee Conference},
  pages = {1418-1424},
  address = {Vol. 3},
  publisher = {IEEE}
}

@INPROCEEDINGS{vfch01,
  author = {G. Vardoulias and J. Faroughi-Esfahani and G. Clemo and R. Haines},
  title = {Blind radio access technology discovery and monitoring for software
	defined radio communication systems: problems and techniques},
  booktitle = {Proceedings of the International Conference on 3G Mobile Communication
	Technologies, , UK},
  year = {2001},
  pages = {306-310},
  month = {March}
}

@INPROCEEDINGS{wg09,
  author = {Jianfeng Wang and Gaddam, V.},
  title = {Feasibility study of sensing TV whitespace with local quiet zone},
  booktitle = {Proceedings of the IEEE International Conference on Systems},
  year = {2009},
  pages = {2287-2292},
  address = {2009. SMC},
  publisher = {Man and Cybernetics}
}

@ARTICLE{s08,
  author = {Wang., S and Salous, S.},
  title = {Time series arima model of spectrum occupancy for cognitive radio},
  journal = {IET Seminar on Cognitive Radio and Software Defined Radios: Technologies
	and Techniques pp},
  year = {2008},
  pages = {1-4}
}

@INPROCEEDINGS{xyhck08,
  author = {J. Xie and C. Yang and Q. Huang and Y. Cao and M. Kafatos},
  title = {Utilizing grid computing to support near real-time geospatial applications},
  booktitle = {Proceedings of the IEEE International Symposium on},
  year = {2008},
  address = {vol. 2 pp. II-1290-II-1293},
  month = {July},
  publisher = {Geoscience and Remote Sensing}
}

@INPROCEEDINGS{yjcl06,
  author = {Y. Youn and H. Jeon and J. Choi and H. Lee},
  title = {Fast spectrum sensing algorithm for 802.22 WRAN systems},
  booktitle = {Proceedings of the IEEE International Symposium on Communications
	and Information Technology},
  year = {2006},
  editor = {Bangkok, Thailand},
  pages = {960-964},
  month = {October}
}

@INPROCEEDINGS{ybccfmnw07,
  author = {Y. Yuan and P. Bahl and R. Chandra and P. A. Chou and J. I. Ferrell
	and T. Moscibroda and S. Narlanka and Y. Wu},
  title = {KNOWS: Cognitive radio networks over white spaces},
  booktitle = {Proceedings of the IEEE International Symposium on New Frontiers
	in Dynamic Spectrum Access Networks DySPAN},
  year = {2007},
  pages = {416-427},
  month = {April}
}

@INPROCEEDINGS{ypw09,
  author = {Zhou Yuan and Srikanth Pagadarai and Alexander M. Wyglinski},
  title = {Feasibility of NC-OFDM Transmission in Dynamic Spectrum Access Networks},
  booktitle = {Proceedings of the 2009 Military Communications Conference (, MA,
	USA), October 18},
  year = {2009}
}

@ARTICLE{ya09,
  author = {T. Yucek and H. Arslan},
  title = {A survey of spectrum sensing algorithms for cognitive radio applications},
  journal = {IEEE Communications Surveys and Tutorials.},
  year = {2009},
  volume = {11},
  pages = {116-130},
  number = {1}
}

@ARTICLE{ya06,
  author = {T. Yucek and H. Arslan},
  title = {Spectrum characterization for opportunistic cognitive radio systems},
  journal = {Proc. IEEE Military Communications Conference, Washington, D.C.,
	USA pp.},
  year = {2006},
  pages = {1-6},
  month = {October}
}

@INPROCEEDINGS{zkszy10,
  author = {L. Zhang and F. Kong and Z. Sun and Y. Zhuang and H. Yin},
  title = {Evaluation of the land-use suitability of Jinan City based on GIS
	and landscape metrics},
  booktitle = {Proceedings of the International Conference on Geoinformatics},
  year = {2010},
  pages = {1-6},
  month = {June}
}

@ARTICLE{zt99,
  author = {Zitzler, E. and Thiele, L.},
  title = {Multiobjective Evolutionary Algorithms- A comparative Case Study
	and the Strength Pareto Approach},
  journal = {IEEE Transactions in Evolutionary Computation},
  year = {1999},
  volume = {3},
  pages = {257-271},
  unidentified = {Vol}
}

@BOOK{Barriac2004,
  title = {Distributed Beamforming for Information Transfer in Sensor Networks},
  publisher = {Proceedings of the 3rd International Symposium on Information Processing
	in Sensor Networks},
  year = {2004},
  editor = {G. Barriac and R. Mudumbai and U. Madhow}
}

@TECHREPORT{ieee-std-1900,
  title = {IEEE Standard Definitions and Concepts for Dynamic Spectrum Access:
	Terminology Relating to Emerging Wireless Networks, System Functionality,
	and Spectrum Management},
  institution = {Institute of Electronics and Electrical Engineering},
  year = {2008},
  number = {IEEE Std 1900.1-2008},
  month = {Sep.}
}

@TECHREPORT{c02,
  title = {Spectrum policy task force report},
  institution = {Federal Communications Commission},
  year = {2002},
  number = {ET Docket No. 02-135}
}

@article{SUMO2012,
         author = {Daniel Krajzewicz and Jakob Erdmann and Michael Behrisch and Laura Bieker},
          title = {Recent Development and Applications of {SUMO - Simulation of Urban MObility}},
         volume = {5},
         number = {3\&4 },
          month = {December},
           year = {2012},
        journal = {International Journal On Advances in Systems and Measurements},
          pages = {128--138},
 }
@Electronic{VISUM,
	author = {Group, PTV},
	title = {PTV Visum {@ONLINE}},
	month = oct,
	year = {2016},
	HowPublished = {http://vision-traffic.ptvgroup.com/en-uk/products/ptv-visum/}
}

@Electronic{OPENSTREETMAP,
	author = {OSMF},
	title = {OpenStreetMap},
	month = oct,
	year = {2016},
	HowPublished = {http://www.openstreetmap.org/}
}
@inproceedings{krajzewicz2005preparation,
	title={Preparation of digital maps for traffic simulation; part 1: Approach and algorithms},
	author={Krajzewicz, Daniel and Hertkorn, Georg and Ringel, Julia and Wagner, Peter},
	booktitle={Proceedings of the 3rd Industrial Simulation Conference 2005},
	pages={285--290},
	year={2005},
	organization={EUROSIS-ETI}
}	
@phdthesis{krauss1998microscopic,
	title={Microscopic modeling of traffic flow: Investigation of collision free vehicle dynamics},
	author={Krau{\ss}, Stefan},
	year={1998}
}
@inproceedings{wegener2008traci,
	title={TraCI: an interface for coupling road traffic and network simulators},
	author={Wegener, Axel and Pi{\'o}rkowski, Micha{\l} and Raya, Maxim and Hellbr{\"u}ck, Horst and Fischer, Stefan and Hubaux, Jean-Pierre},
	booktitle={Proceedings of the 11th communications and networking simulation symposium},
	pages={155--163},
	year={2008},
	organization={ACM}
}
@Electronic{TraCI4Matlab,
	author = {Andres Acosta},
	title = {TraCI4Matlab},
	month = oct,
	year = {2016},
	HowPublished = {http://www.mathworks.com/matlabcentral/fileexchange/44805-traci4matlab}
}